<?xml version="1.0" encoding="UTF-8"?><collection xmlns="http://www.loc.gov/MARC21/slim"><record><leader>00486nam--2200157-i-4500</leader><controlfield tag="001">000010692</controlfield><controlfield tag="002">20161230</controlfield><controlfield tag="005">20170209171258</controlfield><controlfield tag="008">060222s1000------------r-----000-0-eng-d</controlfield><datafield ind1=" " ind2=" " tag="100"><subfield code="a">Desserre, Jean</subfield></datafield><datafield ind1=" " ind2=" " tag="245"><subfield code="a">La plancetographie isotopique a l indium 113m. a propos de 75 observations</subfield></datafield><datafield ind1=" " ind2=" " tag="260"><subfield code="a">Clermont-Ferrand</subfield><subfield code="b">Universite De Clermont Ferrand, Faculte De Medicine</subfield><subfield code="c">1971</subfield></datafield><datafield ind1=" " ind2=" " tag="300"><subfield code="a">74 p</subfield></datafield><datafield ind1=" " ind2=" " tag="700"><subfield code="a">Michel, Ives</subfield></datafield><datafield ind1=" " ind2=" " tag="852"><subfield code="a">616-073:621.039.84</subfield></datafield><datafield ind1=" " ind2=" " tag="CAT"><subfield code="a">SYS</subfield><subfield code="c">20170209</subfield><subfield code="h">171258</subfield></datafield></record></collection>